@book{fernando2004gpu,
  title={GPU gems: programming techniques, tips, and tricks for real-time graphics},
  author={Fernando, R. and Pharr, M.},
  volume={697},
  year={2004},
  publisher={Addison-Wesley}
}
